<record><leader>00000cas a2200000 a 4500</leader><controlfield tag="001">34471359</controlfield><controlfield tag="008">960327d19uu1976cauwr ne      0    0eng c</controlfield><datafield ind1=" " ind2=" " tag="010"><subfield code="a">sn 96061847 </subfield></datafield><datafield ind1=" " ind2=" " tag="040"><subfield code="a">CUY</subfield><subfield code="b">eng</subfield><subfield code="c">CNK</subfield><subfield code="d">OCLCQ</subfield><subfield code="d">OCLCF</subfield><subfield code="d">OCLCO</subfield></datafield><datafield ind1="1" ind2=" " tag="029"><subfield code="a">AU@</subfield><subfield code="b">000012366857</subfield></datafield><datafield ind1=" " ind2=" " tag="042"><subfield code="a">pcc</subfield></datafield><datafield ind1=" " ind2=" " tag="043"><subfield code="a">n-us-ca</subfield></datafield><datafield ind1="0" ind2=" " tag="130"><subfield code="a">Tri-city news (Pinole, Calif.)</subfield></datafield><datafield ind1="1" ind2="4" tag="245"><subfield code="a">The tri-city news.</subfield></datafield><datafield ind1=" " ind2=" " tag="260"><subfield code="a">Rodeo, Calif. :</subfield><subfield code="b">Andrew M. Peters</subfield></datafield><datafield ind1=" " ind2=" " tag="300"><subfield code="a">v.</subfield></datafield><datafield ind1=" " ind2=" " tag="310"><subfield code="a">Weekly</subfield></datafield><datafield ind1="0" ind2=" " tag="362"><subfield code="a">-v. 30, no. 17 (Apr. 28, 1976).</subfield></datafield><datafield ind1=" " ind2=" " tag="500"><subfield code="a">Publication moved to Pinole, Calif., &lt;July 5, 1972&gt;</subfield></datafield><datafield ind1=" " ind2=" " tag="515"><subfield code="a">Vol. numbering dropped Jan. 31, 1973-Jan. 7, 1976.</subfield></datafield><datafield ind1=" " ind2=" " tag="588"><subfield code="a">Description based on: Vol. 21, no. 41 (Oct. 18, 1968).</subfield></datafield><datafield ind1=" " ind2="0" tag="651"><subfield code="a">Pinole (Calif.)</subfield><subfield code="v">Newspapers.</subfield></datafield><datafield ind1=" " ind2="0" tag="651"><subfield code="a">Crockett (Calif.)</subfield><subfield code="v">Newspapers.</subfield></datafield><datafield ind1=" " ind2="0" tag="651"><subfield code="a">Rodeo (Calif.)</subfield><subfield code="v">Newspapers.</subfield></datafield><datafield ind1=" " ind2="7" tag="655"><subfield code="a">Newspapers.</subfield><subfield code="2">fast</subfield><subfield code="0">(OCoLC)fst01423814</subfield></datafield><datafield ind1=" " ind2="7" tag="651"><subfield code="a">California</subfield><subfield code="z">Crockett.</subfield><subfield code="2">fast</subfield><subfield code="0">(OCoLC)fst01203477</subfield></datafield><datafield ind1=" " ind2="7" tag="651"><subfield code="a">California</subfield><subfield code="z">Pinole.</subfield><subfield code="2">fast</subfield><subfield code="0">(OCoLC)fst01214425</subfield></datafield><datafield ind1=" " ind2="7" tag="651"><subfield code="a">California</subfield><subfield code="z">Rodeo.</subfield><subfield code="2">fast</subfield><subfield code="0">(OCoLC)fst01203479</subfield></datafield><datafield ind1=" " ind2=" " tag="752"><subfield code="a">United States</subfield><subfield code="b">California</subfield><subfield code="c">Contra Costa</subfield><subfield code="d">Pinole.</subfield></datafield><datafield ind1=" " ind2=" " tag="752"><subfield code="a">United States</subfield><subfield code="b">California</subfield><subfield code="c">Contra Costa</subfield><subfield code="d">Rodeo.</subfield></datafield><datafield ind1="0" ind2="0" tag="785"><subfield code="t">West County times</subfield><subfield code="w">(DLC)sn 83005344</subfield></datafield></record>